@article{bruner1961act,
  title={The act of discovery.},
  author={Bruner, Jerome S},
  journal={Harvard educational review},
  year={1961},
  publisher={Harvard Education Publishing Group}
}

@book{case2012looking,
  title={Looking for information: A survey of research on information seeking, needs and behavior},
  author={Case, Donald O},
  year={2012},
  publisher={Emerald Group Publishing}
}


@article{foster2003serendipity,
  title={Serendipity and information seeking: an empirical study},
  author={Foster, Allen and Ford, Nigel},
  journal={Journal of Documentation},
  volume={59},
  number={3},
  pages={321--340},
  year={2003},
  publisher={MCB UP Ltd}
}


@article{kamran2011discovery,
  title={Discovery of Electronically Stored Information},
  author={Kamran, Salahuddin},
  journal={Information Security Management Handbook},
  volume={5},
  pages={473},
  year={2011},
  publisher={CRC Press}
}


@article{waterworth1991model,
  title={A model of information exploration},
  author={Waterworth, John A. and Chignell, Mark H.},
  journal={Hypermedia},
  volume={3},
  number={1},
  pages={35--58},
  year={1991}
}
